@book{quinlan,
 author = {Quinlan, J. R.},
 title = {Induction of Decision Trees. Mach. Learn.},
 year = {1986},
}

@online{weka,
Author      = {},
Title       = {Weka - ARFF},
Subtitle    = {},
Date        = {2016},
Url         = {http://weka.wikispaces.com/ARFF},
Urldate     = {2016-03-05},
}

@book{Russell,
 author = {Russell, Stuart J. and Norvig, Peter},
 title = {Artificial Intelligence: A Modern Approach},
 year = {2003},
 isbn = {0137903952},
 edition = {2},
 publisher = {Pearson Education},
} 